@inbook{Mancilla2021,
	abstract = {Optimization problems are present in many fields of science, engineering, and industry. In most cases, optimization problems involve a large number of complex decision variables. Often, the application of fuzzy systems to traditional control strategies requires the use of optimization techniques to define the parameters of the membership functions capturing the designer's experience. Currently, bioinspired algorithms are one of the most widely used methods for fuzzy system optimization. In this paper, we review the literature on the application of different bioinspired techniques such as Genetic Algorithms, Ant Colony Optimization, Particle Swarm Optimization, Galaxy Swarm Optimization, Harmony Search, Firefly, Differential Evolution, to optimize the parameters of the fuzzy controllers. We found particular trends in the current literature, with many methods using dynamic parameter adaptation, hybrids, distributed algorithms, and type-2 fuzzy logic.},
	address = {Chm},
	author = {Mancilla, Alejandra and Castillo, Oscar and Valdez, Mario Garc{\'\i}a},
	booktitle = {Recent Advances of Hybrid Intelligent Systems Based on Soft Computing},
	editor = {Melin, Patricia and Castillo, Oscar and Kacprzyk, Janusz},
	isbn = {978-3-030-58728-4},
	pages = {1--11},
	publisher = {Springer International Publishing},
	title = {Optimization of Fuzzy Logic Controllers with Distributed Bio-Inspired Algorithms},
	year = {2021}
}
@inproceedings{mancilla2022tracking,
	abstract = {This paper presents three configurations for evolving the membership functions' parameters for a path-following fuzzy controller. Designers of fuzzy controllers have many options when selecting which parameters and how the optimization algorithm adjusts them. The experiments obtained excellent results with a relatively simple controller using three membership for each of the variables. We tested the proposed controller by a robot simulation that follows a path using a rear-wheel tracking technique. We optimized the controller's parameters using a genetic algorithm that consisted of a population of chromosomes containing the parameters of a controller. Each individual's fitness in the populations was determined by calculating the root-mean-square error resulting from each simulation. We have observed, changes in the selection of parameters that parameters to optimize, we tested four, eight, and 18, affect the results obtained and are essential to minimize the total time of evaluations and a minimum possible error. We also tested two ranges for the random values used for initializing the population and verify that this selection also impacts the algorithms' performance.},
	address = {Cham},
	author = {Mancilla, Alejandra and Castillo, Oscar and Valdez, Mario Garcia},
	booktitle = {Intelligent and Fuzzy Techniques for Emerging Conditions and Digital Transformation},
	editor = {Kahraman, Cengiz and Cebi, Selcuk and Cevik Onar, Sezi and Oztaysi, Basar and Tolga, A. Cagri and Sari, Irem Ucal},
	isbn = {978-3-030-85626-7},
	pages = {461--468},
	publisher = {Springer International Publishing},
	title = {Evolutionary Approach to the Optimal Design of Fuzzy Controllers for Trajectory Tracking},
	year = {2022}
}
@article{mancilla2022optimal,
  title={Optimal Fuzzy Controller Design for Autonomous Robot Path Tracking Using Population-Based Metaheuristics},
  author={Mancilla, Alejandra and Garc{\'\i}a-Valdez, Mario and Castillo, Oscar and Merelo-Guerv{\'o}s, Juan Julian},
  journal={Symmetry},
  volume={14},
  number={2},
  pages={202},
  year={2022},
  publisher={MDPI}
}

@book{yang2013swarm,
  title={Swarm intelligence and bio-inspired computation: theory and applications},
  author={Yang, Xin-She and Cui, Zhihua and Xiao, Renbin and Gandomi, Amir Hossein and Karamanoglu, Mehmet},
  year={2013},
  publisher={Newnes}
}

@article{paden_survey_2016,
	title = {A survey of motion planning and control techniques for self-driving urban vehicles},
	volume = {1},
	number = {1},
	journal = {IEEE Transactions on intelligent vehicles},
	author = {Paden, Brian and Čáp, Michal and Yong, Sze Zheng and Yershov, Dmitry and Frazzoli, Emilio},
	year = {2016},
	note = {Publisher: IEEE},
	pages = {33--55},
}

@inproceedings{merelo2018introducing,
  title={Introducing an event-based architecture for concurrent and distributed evolutionary algorithms},
  author={Merelo Guerv{\'o}s, Juan J and Garc{\'\i}a-Valdez, J Mario},
  booktitle={International Conference on Parallel Problem Solving from Nature},
  pages={399--410},
  year={2018},
  organization={Springer}
}

@article{ma2019multi,
  author = {Ma, H. and Shigen, S. and Mei, Y. and Zhile, Y. and Minrui, F. and Huiyu, Z.},
  title = {Multi-population techniques in nature inspired optimization algorithms: A comprehensive survey,},
  journal = {Swarm and Evolutionary Computation},
  pages = {365–387},
  date = {2018},
  language = {}
}

@inproceedings{gong2011distributed,
  title={Distributed island-model genetic algorithms using heterogeneous parameter settings},
  author={Gong, Yiyuan and Fukunaga, Alex},
  booktitle={2011 IEEE Congress of Evolutionary Computation (CEC)},
  pages={820--827},
  year={2011},
  organization={IEEE}
}

@inproceedings{hernandez2017randomized,
  title={Randomized parameter settings for a pool-based particle swarm optimization algorithm: a comparison between dynamic adaptation of parameters and randomized parameterization},
  author={Hernandez-Aguila, Amaury and Garcia-Valdez, Mario and Merelo-Guervos, Juan Julian and Castillo, Oscar},
  booktitle={Proceedings of the Genetic and Evolutionary Computation Conference Companion},
  pages={205--206},
  year={2017}
}

@article{valdez2021container,
  title={A container-based cloud-native architecture for the reproducible execution of multi-population optimization algorithms},
  author={Valdez, Mario Garc{\'\i}a and Guerv{\'o}s, Juan J Merelo},
  journal={Future Generation Computer Systems},
  volume={116},
  pages={234--252},
  year={2021},
  publisher={Elsevier}
}

@book{back1996evolutionary,
  title={Evolutionary algorithms in theory and practice: evolution strategies, evolutionary programming, genetic algorithms},
  author={Back, Thomas},
  year={1996},
  publisher={Oxford university press}
}

@book{clerc2010particle,
  title={Particle swarm optimization},
  author={Clerc, Maurice},
  volume={93},
  year={2010},
  publisher={John Wiley \& Sons}
}

@incollection{kennedy2006swarm,
  title={Swarm intelligence},
  author={Kennedy, James},
  booktitle={Handbook of nature-inspired and innovative computing},
  pages={187--219},
  year={2006},
  publisher={Springer}
}

@book{holland1992adaptation,
  title={Adaptation in natural and artificial systems: an introductory analysis with applications to biology, control, and artificial intelligence},
  author={Holland, John Henry and others},
  year={1992},
  publisher={MIT press}
}
@article{miramontes2022interval,
  title={Interval Type-2 Fuzzy Approach for Dynamic Parameter Adaptation in the Bird Swarm Algorithm for the Optimization of Fuzzy Medical Classifier},
  author={Miramontes, Ivette and Melin, Patricia},
  journal={Axioms},
  volume={11},
  number={9},
  pages={485},
  year={2022},
  publisher={MDPI}
}

@article{xia2018multi,
  title={A multi-swarm particle swarm optimization algorithm based on dynamical topology and purposeful detecting},
  author={Xia, Xuewen and Gui, Ling and Zhan, Zhi-Hui},
  journal={Applied Soft Computing},
  volume={67},
  pages={126--140},
  year={2018},
  publisher={Elsevier}
}

@article{melin2013optimal,
  title={Optimal design of fuzzy classification systems using PSO with dynamic parameter adaptation through fuzzy logic},
  author={Melin, Patricia and Olivas, Frumen and Castillo, Oscar and Valdez, Fevrier and Soria, Jose and Valdez, Mario},
  journal={Expert Systems with Applications},
  volume={40},
  number={8},
  pages={3196--3206},
  year={2013},
  publisher={Elsevier}
}

@article{olivas2016dynamic,
  title={Dynamic parameter adaptation in particle swarm optimization using interval type-2 fuzzy logic},
  author={Olivas, Frumen and Valdez, Fevrier and Castillo, Oscar and Melin, Patricia},
  journal={Soft Computing},
  volume={20},
  pages={1057--1070},
  year={2016},
  publisher={Springer}
}
@article{vargas2011estrategias,
  title={Estrategias para mejorar el Balance entre Exploraci{\'o}n y Explotaci{\'o}n en Optimizaci{\'o}n de Enjambre de Part{\'\i}culas},
  author={Vargas, Y and Chen, S and Otero, J},
  journal={Universidad de la Habana, Facultad de Matemticas y Computacin, Diciembre de},
  year={2011}
}
@article{garcia2023distributed,
  title={Distributed and asynchronous population-based optimization applied to the optimal design of fuzzy controllers},
  author={Garc{\'\i}a-Valdez, Mario and Mancilla, Alejandra and Castillo, Oscar and Merelo-Guerv{\'o}s, Juan Juli{\'a}n},
  journal={Symmetry},
  volume={15},
  number={2},
  pages={467},
  year={2023},
  publisher={MDPI}
}
@incollection{mancilla2023optimization,
  title={Optimization of Fuzzy Controllers Using Distributed Bioinspired Methods with Random Parameters},
  author={Mancilla, Alejandra and Castillo, Oscar and Garc{\'\i}a-Valdez, Mario},
  booktitle={Hybrid Intelligent Systems Based on Extensions of Fuzzy Logic, Neural Networks and Metaheuristics},
  pages={189--197},
  year={2023},
  publisher={Springer}
}
@inproceedings{shi2001fuzzy,
  title={Fuzzy adaptive particle swarm optimization},
  author={Shi, Yuhui and Eberhart, Russell C},
  booktitle={Proceedings of the 2001 congress on evolutionary computation (IEEE Cat. No. 01TH8546)},
  volume={1},
  pages={101--106},
  year={2001},
  organization={IEEE}
}
@article{jain2022overview,
  title={An overview of variants and advancements of PSO algorithm},
  author={Jain, Meetu and Saihjpal, Vibha and Singh, Narinder and Singh, Satya Bir},
  journal={Applied Sciences},
  volume={12},
  number={17},
  pages={8392},
  year={2022},
  publisher={MDPI}
}
@article{wang2013diversity,
  title={Diversity enhanced particle swarm optimization with neighborhood search},
  author={Wang, Hui and Sun, Hui and Li, Changhe and Rahnamayan, Shahryar and Pan, Jeng-shyang},
  journal={Information Sciences},
  volume={223},
  pages={119--135},
  year={2013},
  publisher={Elsevier}
}
@inproceedings{cheng2011diversity,
  title={Diversity control in particle swarm optimization},
  author={Cheng, Shi and Shi, Yuhui},
  booktitle={2011 IEEE symposium on swarm intelligence},
  pages={1--9},
  year={2011},
  organization={IEEE}
}